/Users/alex/Documents/Mendeley/research.bib